<record><leader>01188cam a2200349 a 4500</leader><controlfield tag="001">1363463</controlfield><controlfield tag="008">910314s1985    fr       b      1 0 fre d</controlfield><datafield ind1=" " ind2=" " tag="010"><subfield code="a">   85182996</subfield></datafield><datafield ind1=" " ind2=" " tag="020"><subfield code="a">2130387705</subfield></datafield><datafield ind1=" " ind2=" " tag="035"><subfield code="a">ocm12300117</subfield></datafield><datafield ind1=" " ind2=" " tag="040"><subfield code="a">DLC</subfield><subfield code="b">eng</subfield><subfield code="c">DLC</subfield></datafield><datafield ind1=" " ind2=" " tag="043"><subfield code="a">e-fr---</subfield></datafield><datafield ind1=" " ind2=" " tag="049"><subfield code="a">AEU</subfield><subfield code="b">eng</subfield></datafield><datafield ind1="0" ind2="0" tag="050"><subfield code="a">HQ1236.5.F8</subfield><subfield code="b">F38 1985</subfield></datafield><datafield ind1="0" ind2=" " tag="090"><subfield code="a">HQ 1236.5 F8 F265 1985</subfield></datafield><datafield ind1="1" ind2=" " tag="100"><subfield code="a">Faur&#233;, Christine.</subfield></datafield><datafield ind1="1" ind2="3" tag="245"><subfield code="a">La d&#233;mocratie sans les femmes :</subfield><subfield code="b">essai sur le lib&#233;ralisme en France /</subfield><subfield code="c">Christine Faur&#233;.</subfield></datafield><datafield ind1=" " ind2=" " tag="250"><subfield code="a">1re &#233;d.</subfield></datafield><datafield ind1=" " ind2=" " tag="260"><subfield code="a">Paris :</subfield><subfield code="b">Presses universitaires de France,</subfield><subfield code="c">c1985.</subfield></datafield><datafield ind1=" " ind2=" " tag="300"><subfield code="a">263 p. ;</subfield><subfield code="c">22 cm.</subfield></datafield><datafield ind1=" " ind2=" " tag="336"><subfield code="a">text</subfield><subfield code="b">txt</subfield><subfield code="2">rdacontent</subfield></datafield><datafield ind1=" " ind2=" " tag="337"><subfield code="a">unmediated</subfield><subfield code="b">n</subfield><subfield code="2">rdamedia</subfield></datafield><datafield ind1=" " ind2=" " tag="338"><subfield code="a">volume</subfield><subfield code="b">nc</subfield><subfield code="2">rdacarrier</subfield></datafield><datafield ind1="1" ind2=" " tag="490"><subfield code="a">Politique d'aujourd'hui.</subfield></datafield><datafield ind1=" " ind2=" " tag="500"><subfield code="a">Includes index.</subfield></datafield><datafield ind1=" " ind2=" " tag="504"><subfield code="a">Bibliography: p. 229-257.</subfield></datafield><datafield ind1=" " ind2=" " tag="596"><subfield code="a">38</subfield></datafield><datafield ind1=" " ind2="0" tag="650"><subfield code="a">Women in public life</subfield><subfield code="z">France</subfield><subfield code="x">History.</subfield></datafield><datafield ind1=" " ind2="0" tag="650"><subfield code="a">Feminism</subfield><subfield code="z">France</subfield><subfield code="x">History.</subfield></datafield><datafield ind1=" " ind2="0" tag="650"><subfield code="a">Political science</subfield><subfield code="z">France</subfield><subfield code="x">History.</subfield></datafield><datafield ind1=" " ind2="0" tag="830"><subfield code="a">Politique d'aujourd'hui.</subfield></datafield><datafield ind1=" " ind2=" " tag="926"><subfield code="a">HQ 1236.5 F8 F265 1985</subfield><subfield code="w">LC</subfield><subfield code="c">1</subfield><subfield code="i">000035898196</subfield><subfield code="d">4/9/1997</subfield><subfield code="l">ON_SHELF</subfield><subfield code="m">UABARD</subfield><subfield code="n">3</subfield><subfield code="p">$150.00</subfield><subfield code="r">Y</subfield><subfield code="s">Y</subfield><subfield code="t">BOOK</subfield><subfield code="u">3/19/1991</subfield><subfield code="o">.STAFF. A0040689</subfield></datafield></record>